%% This BibTeX bibliography file was created using BibDesk.
%% http://bibdesk.sourceforge.net/

%% Created for Kohei Kawasaki at 2016-04-27 21:41:15 -0500 


%% Saved with string encoding Unicode (UTF-8) 



@incollection{chaslot2008parallel,
	Author = {Chaslot, Guillaume MJ-B and Winands, Mark HM and van Den Herik, H Jaap},
	Booktitle = {Computers and Games},
	Date-Added = {2016-04-28 02:39:53 +0000},
	Date-Modified = {2016-04-28 02:39:53 +0000},
	Pages = {60--71},
	Publisher = {Springer},
	Title = {Parallel monte-carlo tree search},
	Year = {2008}}

@inproceedings{chung2005monte,
	Author = {Chung, Michael and Buro, Michael and Schaeffer, Jonathan},
	Booktitle = {CIG},
	Date-Added = {2016-04-28 02:39:27 +0000},
	Date-Modified = {2016-04-28 02:39:27 +0000},
	Title = {Monte Carlo planning in RTS games},
	Year = {2005}}

@inproceedings{chaslot2008monte,
	Author = {Chaslot, Guillaume and Bakkes, Sander and Szita, Istvan and Spronck, Pieter},
	Booktitle = {AIIDE},
	Date-Added = {2016-04-28 02:39:02 +0000},
	Date-Modified = {2016-04-28 02:39:02 +0000},
	Title = {Monte-Carlo Tree Search: A New Framework for Game AI.},
	Year = {2008}}

@inproceedings{finnsson2008simulation,
	Author = {Finnsson, Hilmar and Bj{\"o}rnsson, Yngvi},
	Booktitle = {AAAI},
	Date-Added = {2016-04-28 02:38:34 +0000},
	Date-Modified = {2016-04-28 02:38:34 +0000},
	Pages = {259--264},
	Title = {Simulation-Based Approach to General Game Playing.},
	Volume = {8},
	Year = {2008}}

@article{fumodel,
	Author = {Fu, Justin and Hsu, Irving},
	Date-Added = {2016-04-28 02:37:38 +0000},
	Date-Modified = {2016-04-28 02:37:38 +0000},
	Title = {Model-Based Reinforcement Learning for Playing Atari Games}}
