%% This BibTeX bibliography file was created using BibDesk.
%% http://bibdesk.sourceforge.net/

%% Created for Kohei Kawasaki at 2016-04-13 03:24:29 -0500 


%% Saved with string encoding Unicode (UTF-8) 



@incollection{bouzy2004monte,
	Author = {Bouzy, Bruno and Helmstetter, Bernard},
	Booktitle = {Advances in computer games},
	Date-Added = {2016-04-13 08:13:38 +0000},
	Date-Modified = {2016-04-13 08:13:38 +0000},
	Pages = {159--174},
	Publisher = {Springer},
	Title = {Monte-carlo go developments},
	Year = {2004}}

@article{abramson1990expected,
	Author = {Abramson, Bruce},
	Date-Added = {2016-04-13 08:10:49 +0000},
	Date-Modified = {2016-04-13 08:10:49 +0000},
	Journal = {Pattern Analysis and Machine Intelligence, IEEE Transactions on},
	Number = {2},
	Pages = {182--193},
	Publisher = {IEEE},
	Title = {Expected-outcome: A general model of static evaluation},
	Volume = {12},
	Year = {1990}}

@techreport{brugmann1993monte,
	Author = {Br{\"u}gmann, Bernd},
	Date-Added = {2016-04-13 08:06:52 +0000},
	Date-Modified = {2016-04-13 08:06:52 +0000},
	Institution = {Citeseer},
	Title = {Monte carlo go},
	Year = {1993}}
