%% This BibTeX bibliography file was created using BibDesk.
%% http://bibdesk.sourceforge.net/

%% Created for Kohei Kawasaki at 2016-04-27 00:19:39 -0500 


%% Saved with string encoding Unicode (UTF-8) 



@inproceedings{chaslot2006monte,
	Author = {Chaslot, GMJB and Saito, Jahn-Takeshi and Bouzy, Bruno and Uiterwijk, JWHM and Van Den Herik, H Jaap},
	Booktitle = {Proceedings of the 18th BeNeLux Conference on Artificial Intelligence, Namur, Belgium},
	Date-Added = {2016-04-27 00:27:23 +0000},
	Date-Modified = {2016-04-27 00:27:23 +0000},
	Pages = {83--91},
	Title = {Monte-carlo strategies for computer go},
	Year = {2006}}

@incollection{cazenave2008parallel,
	Author = {Cazenave, Tristan and Jouandeau, Nicolas},
	Booktitle = {Computers and Games},
	Date-Added = {2016-04-27 00:15:20 +0000},
	Date-Modified = {2016-04-27 00:15:20 +0000},
	Pages = {72--80},
	Publisher = {Springer},
	Title = {A parallel Monte-Carlo tree search algorithm},
	Year = {2008}}

@incollection{chaslot2008parallel,
	Author = {Chaslot, Guillaume MJ-B and Winands, Mark HM and van Den Herik, H Jaap},
	Booktitle = {Computers and Games},
	Date-Added = {2016-04-27 00:15:03 +0000},
	Date-Modified = {2016-04-27 00:15:03 +0000},
	Pages = {60--71},
	Publisher = {Springer},
	Title = {Parallel monte-carlo tree search},
	Year = {2008}}

@incollection{coulom2006efficient,
	Author = {Coulom, R{\'e}mi},
	Booktitle = {Computers and games},
	Date-Added = {2016-04-27 00:13:15 +0000},
	Date-Modified = {2016-04-27 00:13:15 +0000},
	Pages = {72--83},
	Publisher = {Springer},
	Title = {Efficient selectivity and backup operators in Monte-Carlo tree search},
	Year = {2006}}

@incollection{kocsis2006bandit,
	Author = {Kocsis, Levente and Szepesv{\'a}ri, Csaba},
	Booktitle = {Machine Learning: ECML 2006},
	Date-Added = {2016-04-25 16:43:37 +0000},
	Date-Modified = {2016-04-25 16:43:37 +0000},
	Pages = {282--293},
	Publisher = {Springer},
	Title = {Bandit based monte-carlo planning},
	Year = {2006}}

@techreport{brugmann1993monte,
	Author = {Br{\"u}gmann, Bernd},
	Date-Added = {2016-04-25 07:05:00 +0000},
	Date-Modified = {2016-04-25 07:05:00 +0000},
	Institution = {Citeseer},
	Title = {Monte carlo go},
	Year = {1993}}

@incollection{bouzy2004monte,
	Author = {Bouzy, Bruno and Helmstetter, Bernard},
	Booktitle = {Advances in computer games},
	Date-Added = {2016-04-25 07:04:19 +0000},
	Date-Modified = {2016-04-25 07:04:19 +0000},
	Pages = {159--174},
	Publisher = {Springer},
	Title = {Monte-carlo go developments},
	Year = {2004}}

@article{abramson1990expected,
	Author = {Abramson, Bruce},
	Date-Added = {2016-04-25 07:03:54 +0000},
	Date-Modified = {2016-04-25 07:03:54 +0000},
	Journal = {Pattern Analysis and Machine Intelligence, IEEE Transactions on},
	Number = {2},
	Pages = {182--193},
	Publisher = {IEEE},
	Title = {Expected-outcome: A general model of static evaluation},
	Volume = {12},
	Year = {1990}}

@article{lee2009computational,
	Author = {Lee, Chang-Shing and Wang, Mei-Hui and Chaslot, Guillaume and Hoock, Jean-Baptiste and Rimmel, Arpad and Teytaud, Olivier and Tsai, Shang-Rong and Hsu, Shun-Chin and Hong, Tzung-Pei},
	Date-Added = {2016-04-25 07:01:12 +0000},
	Date-Modified = {2016-04-25 07:01:12 +0000},
	Journal = {Computational Intelligence and AI in Games, IEEE Transactions on},
	Number = {1},
	Pages = {73--89},
	Publisher = {IEEE},
	Title = {The computational intelligence of MoGo revealed in Taiwan's computer Go tournaments},
	Volume = {1},
	Year = {2009}}
